1018888888888 1256985251502060319A094101COLLECTOR BANK         CL COLLECTIONS                 
5200CL COLLECTIONS  ACH_PAYMENTS        8795JKHG  PPDPAYMENT   150206150206   1888888880000123
60000000NUL0                 0000077700LAI000000001   ARTHUR SONG             0000000000000000
820000000100000000000000000777000000000000008795JKHG                           888888880000123
9000001000001000000010000000000000000077700000000000000                                       
9999999999999999999999999999999999999999999999999999999999999999999999999999999999999999999999
9999999999999999999999999999999999999999999999999999999999999999999999999999999999999999999999
9999999999999999999999999999999999999999999999999999999999999999999999999999999999999999999999
9999999999999999999999999999999999999999999999999999999999999999999999999999999999999999999999
9999999999999999999999999999999999999999999999999999999999999999999999999999999999999999999999
