1018888888888 1256985251502060325A094101COLLECTOR BANK         CL COLLECTIONS                 
5200CL COLLECTIONS  ACH_PAYMENTS        8795JKHG  PPDPAYMENT   150206150206   1888888880000123
637124524565252553655        0000077700LAI000000001   ARTHUR SONG             0000000000000001
820000000100124524560000000777000000000000008795JKHG                           888888880000123
9000001000001000000010012452456000000077700000000000000                                       
9999999999999999999999999999999999999999999999999999999999999999999999999999999999999999999999
9999999999999999999999999999999999999999999999999999999999999999999999999999999999999999999999
9999999999999999999999999999999999999999999999999999999999999999999999999999999999999999999999
9999999999999999999999999999999999999999999999999999999999999999999999999999999999999999999999
9999999999999999999999999999999999999999999999999999999999999999999999999999999999999999999999
