101  123433404TGD5211-A1403252248A094101BANK OF US             CLOUD LENDING          4TGD2234
5220CLOUD LENDING   ACH_PAYMENTS        12        PPDPAYMENT   140325140325   1012343340000123
632012344120123454321        0000000000LAI000018142   TIM BARR                0A1LF00000003XCO
8220000001001234412300000000000000000000000012                                 012343340000123
9000001000001000000010012344123000000000000000000000000                                       
9999999999999999999999999999999999999999999999999999999999999999999999999999999999999999999999
9999999999999999999999999999999999999999999999999999999999999999999999999999999999999999999999
9999999999999999999999999999999999999999999999999999999999999999999999999999999999999999999999
9999999999999999999999999999999999999999999999999999999999999999999999999999999999999999999999
9999999999999999999999999999999999999999999999999999999999999999999999999999999999999999999999