101  123433404TGD5211-A1403190437A094101BANK OF US             CLOUD LENDING          4TGD2234
5220CLOUD LENDING   ACH_PAYMENTS        12        PPDPAYMENT   140319140203   1012343340000123
62201212212032333223         0000000000LAI000005341   MANI RATNAM             0A1LF00000003UTX
8220000001001212212100000000000000000000000012                                 012343340000123
9000001000001000000010012122121000000000000000000000000                                       
9999999999999999999999999999999999999999999999999999999999999999999999999999999999999999999999
9999999999999999999999999999999999999999999999999999999999999999999999999999999999999999999999
9999999999999999999999999999999999999999999999999999999999999999999999999999999999999999999999
9999999999999999999999999999999999999999999999999999999999999999999999999999999999999999999999
9999999999999999999999999999999999999999999999999999999999999999999999999999999999999999999999