101  123433404TGD5211-A1403242210A094101BANK OF US             CLOUD LENDING          4TGD2234
5220CLOUD LENDING   ACH_PAYMENTS        12        PPDPAYMENT   140324140321   1012343340000123
62212323465412123123         0000000000LAI000006299   MR BEAN                 0A1LF00000003UPU
8220000001001232346500000000000000000000000012                                 012343340000123
9000001000001000000010012323465000000000000000000000000                                       
9999999999999999999999999999999999999999999999999999999999999999999999999999999999999999999999
9999999999999999999999999999999999999999999999999999999999999999999999999999999999999999999999
9999999999999999999999999999999999999999999999999999999999999999999999999999999999999999999999
9999999999999999999999999999999999999999999999999999999999999999999999999999999999999999999999
9999999999999999999999999999999999999999999999999999999999999999999999999999999999999999999999